@book{agresti2018introduction,
  title={An introduction to categorical data analysis},
  author={Agresti, Alan},
  year={2018},
  publisher={Wiley}
}

@article{arias2017distribution,
  title={Distribution-free multiple testing},
  author={Arias-Castro, Ery and Chen, Shiyun},
  journal={Electronic Journal of Statistics},
  volume={11},
  number={1},
  pages={1983--2001},
  year={2017},
  publisher={The Institute of Mathematical Statistics and the Bernoulli Society}
}

@article{barber2015controlling,
  title={Controlling the false discovery rate via knockoffs},
  author={Barber, Rina Foygel and Cand{\`e}s, Emmanuel J},
  journal={The Annals of Statistics},
  volume={43},
  number={5},
  pages={2055--2085},
  year={2015},
  publisher={Institute of Mathematical Statistics}
}

@article{benjamini1995controlling,
  title={Controlling the false discovery rate: a practical and powerful approach to multiple testing},
  author={Benjamini, Yoav and Hochberg, Yosef},
  journal={Journal of the royal statistical society. Series B (Methodological)},
  pages={289--300},
  year={1995},
  publisher={JSTOR}
}

@article{bogdan2011asymptotic,
  title={Asymptotic Bayes-optimality under sparsity of some multiple testing procedures},
  author={Bogdan, Ma{\l}gorzata and Chakrabarti, Arijit and Frommlet, Florian and Ghosh, Jayanta K},
  journal={The Annals of Statistics},
  volume={39},
  number={3},
  pages={1551--1579},
  year={2011},
  publisher={Institute of Mathematical Statistics}
}

@article{butucea2018variable,
  title={Variable Selection with {H}amming Loss},
  author={Butucea, Cristina and Ndaoud, Mohamed and Stepanova, Natalia A. and Tsybakov, Alexandre B.},
  journal={The Annals of Statistics},
  volume={46},
  number={5},
  pages={1837-1875},
  year={2018}
}

@article{bush2012genome,
  title={Genome-wide association studies},
  author={Bush, William S and Moore, Jason H},
  journal={PLoS computational biology},
  volume={8},
  number={12},
  pages={e1002822},
  year={2012},
  publisher={Public Library of Science}
}

@article{chen2018scan,
  title={A Scan Procedure for Multiple Testing},
  author={Chen, Shiyun and Ying, Andrew and Arias-Castro, Ery},
  journal={arXiv preprint arXiv:1808.00631},
  year={2018}
}

@book{cohen2013statistical,
  title={Statistical power analysis for the behavioral sciences},
  author={Cohen, Jacob},
  year={2013},
  publisher={Routledge}
}

@article{djurcic2007some,
  title={Some asymptotic relations for the generalized inverse},
  author={Djurcic, Dragan},
  journal={Journal of mathematical analysis and applications},
  volume={335},
  number={2},
  pages={1397--1402},
  year={2007},
  publisher={New York, Academic Press.}
}

@article{donoho2004higher,
  title={Higher {C}riticism for detecting sparse heterogeneous mixtures},
  author={Donoho, David and Jin, Jiashun},
  journal={The Annals of Statistics},
  volume={32},
  number={3},
  pages={962--994},
  year={2004}
}

@article{dunn1961multiple,
  title={Multiple comparisons among means},
  author={Dunn, Olive Jean},
  journal={Journal of the American statistical association},
  volume={56},
  number={293},
  pages={52--64},
  year={1961},
  publisher={Taylor \& Francis Group}
}

@article{efron2004large,
  title={Large-scale simultaneous hypothesis testing: the choice of a null hypothesis},
  author={Efron, Bradley},
  journal={Journal of the American Statistical Association},
  volume={99},
  number={465},
  pages={96--104},
  year={2004},
  publisher={Taylor \& Francis}
}

@article{eicker1979asymptotic,
  title={The asymptotic distribution of the suprema of the standardized empirical processes},
  author={Eicker, F},
  journal={The Annals of Statistics},
  pages={116--138},
  year={1979},
  publisher={JSTOR}
}

@article{genovese2002operating,
  title={Operating characteristics and extensions of the false discovery rate procedure},
  author={Genovese, Christopher and Wasserman, Larry},
  journal={Journal of the Royal Statistical Society: Series B (Statistical Methodology)},
  volume={64},
  number={3},
  pages={499--517},
  year={2002},
  publisher={Wiley Online Library}
}

@ARTICLE{gao2018fundamental,
       author = {{Gao}, Zheng and {Stoev}, Stilian},
        title = "{Fundamental Limits of Exact Support Recovery in High Dimensions}",
      journal = {ArXiv e-prints},
     keywords = {Mathematics - Statistics Theory},
         year = 2018,
        month = Nov,
          eid = {arXiv:1811.05124},
        pages = {arXiv:1811.05124},
archivePrefix = {arXiv},
       eprint = {1811.05124},
 primaryClass = {math.ST},
       adsurl = {https://ui.adsabs.harvard.edu/#abs/2018arXiv181105124G},
      adsnote = {Provided by the SAO/NASA Astrophysics Data System}
}

@book{ferguson2017course,
  title={A course in large sample theory},
  author={Ferguson, Thomas S},
  year={2017},
  publisher={Routledge}
}

@article{gao2019upass,
    author = {Gao, Zheng and Terhorst, Jonathan and Van Hout, Cristopher V and Stoev, Stilian},
    title = "{U-PASS: unified power analysis and forensics for qualitative traits in genetic association studies}",
    journal = {Bioinformatics},
    year = {2019},
    doi = {10.1093/bioinformatics/btz637},
    url = {https://doi.org/10.1093/bioinformatics/btz637}
}
    % month = {08},
    % abstract = "{Despite the availability of existing calculators for statistical power analysis in genetic association studies, there has not been a model-invariant and test-independent tool that allows for both planning of prospective studies and systematic review of reported findings. In this work, we develop a web-based application U-PASS (Unified Power analysis of ASsociation Studies), implementing a unified framework for the analysis of common association tests for binary qualitative traits. The application quantifies the shared asymptotic power limits of the common association tests, and visualizes the fundamental statistical trade-off between risk allele frequency and odds ratio. The application also addresses the applicability of asymptotics-based power calculations in finite samples, and provides guidelines for single-SNP-based association tests. In addition to designing prospective studies, U-PASS enables researchers to retrospectively assess the statistical validity of previously reported associations.U-PASS is an open-source R Shiny application. A live instance is hosted at https://power.stat.lsa.umich.edu. Source is available on https://github.com/Pill-GZ/U-PASS.Supplementary data are available at Bioinformatics online.}",
    % issn = {1367-4803},
    % note = {btz637},
    % eprint = {http://oup.prod.sis.lan/bioinformatics/advance-article-pdf/doi/10.1093/bioinformatics/btz637/29228772/btz637.pdf},


@article{gnedenko1943distribution,
  title={Sur la distribution limite du terme maximum d'une serie aleatoire},
  author={Gnedenko, Boris},
  journal={Annals of mathematics},
  pages={423--453},
  year={1943},
  publisher={JSTOR}
}

@article{hochberg1988sharper,
  title={A sharper Bonferroni procedure for multiple tests of significance},
  author={Hochberg, Yosef},
  journal={Biometrika},
  volume={75},
  number={4},
  pages={800--802},
  year={1988},
  publisher={Oxford University Press}
}


@article{holm1979simple,
  title={A simple sequentially rejective multiple test procedure},
  author={Holm, Sture},
  journal={Scandinavian journal of statistics},
  pages={65--70},
  year={1979},
  publisher={JSTOR}
}


@article{inglot2010inequalities,
  title={Inequalities for quantiles of the chi-square distribution},
  author={Inglot, Tadeusz},
  journal={Probability and Mathematical Statistics},
  volume={30},
  number={4},
  pages={339--351},
  year={2010}
}

@article{ji2012ups,
  title={{UPS} delivers optimal phase diagram in high-dimensional variable selection},
  author={Ji, Pengsheng and Jin, Jiashun},
  journal={The Annals of Statistics},
  volume={40},
  number={1},
  pages={73--103},
  year={2012},
  publisher={Institute of Mathematical Statistics}
}


@article{jin2016rare,
  title={Rare and weak effects in large-scale inference: methods and phase diagrams},
  author={Jin, Jiashun and Ke, Zheng Tracy},
  journal={Statistica Sinica},
  pages={1--34},
  year={2016},
  publisher={JSTOR}
}

@article{jin2014optimality,
  title={Optimality of graphlet screening in high dimensional variable selection},
  author={Jin, Jiashun and Zhang, Cun-Hui and Zhang, Qi},
  journal={The Journal of Machine Learning Research},
  volume={15},
  number={1},
  pages={2723--2772},
  year={2014},
  publisher={JMLR. org}
}

@article{kallitsis2016amon,
  title={AMON: An open source architecture for online monitoring, statistical analysis, and forensics of multi-gigabit streams},
  author={Kallitsis, Michael and Stoev, Stilian A and Bhattacharya, Shrijita and Michailidis, George},
  journal={IEEE Journal on Selected Areas in Communications},
  volume={34},
  number={6},
  pages={1834--1848},
  year={2016},
  publisher={IEEE}
}

@article{macarthur2016new,
  title={The new NHGRI-EBI Catalog of published genome-wide association studies (GWAS Catalog)},
  author={MacArthur, Jacqueline and Bowler, Emily and Cerezo, Maria and Gil, Laurent and Hall, Peggy and Hastings, Emma and Junkins, Heather and McMahon, Aoife and Milano, Annalisa and Morales, Joannella and others},
  journal={Nucleic acids research},
  volume={45},
  number={D1},
  pages={D896--D901},
  year={2016},
  publisher={Oxford University Press}
}

@article{michailidou2017association,
  title={Association analysis identifies 65 new breast cancer risk loci},
  author={Michailidou, Kyriaki and Lindstr{\"o}m, Sara and Dennis, Joe and Beesley, Jonathan and Hui, Shirley and Kar, Siddhartha and Lema{\c{c}}on, Audrey and Soucy, Penny and Glubb, Dylan and Rostamianfar, Asha and others},
  journal={Nature},
  volume={551},
  number={7678},
  pages={92},
  year={2017},
  publisher={Nature Publishing Group}
}

@article{narayan2015two,
  title={Two sample inference for populations of graphical models with applications to functional connectivity},
  author={Narayan, Manjari and Allen, Genevera I and Tomson, Steffie},
  journal={arXiv preprint arXiv:1502.03853},
  year={2015}
}

@article{neuvial2012false,
  title={On false discovery rate thresholding for classification under sparsity},
  author={Neuvial, Pierre and Roquain, Etienne},
  journal={The Annals of Statistics},
  volume={40},
  number={5},
  pages={2572--2600},
  year={2012},
  publisher={Institute of Mathematical Statistics}
}

@article{rabinovich2017optimal,
  title={Optimal rates and tradeoffs in multiple testing},
  author={Rabinovich, Maxim and Ramdas, Aaditya and Jordan, Michael I and Wainwright, Martin J},
  journal={arXiv preprint arXiv:1705.05391},
  year={2017}
}

@article{roquain2011type,
  title={Type {I} error rate control for testing many hypotheses: a survey with proofs},
  author={Roquain, Etienne},
  journal={Journal de la Soci{\'e}t{\'e} Fran{\c{c}}aise de Statistique},
  volume={152},
  number={2},
  pages={3--38},
  year={2011}
}

@article{spencer2009designing,
  title={Designing genome-wide association studies: sample size, power, imputation, and the choice of genotyping chip},
  author={Spencer, Chris CA and Su, Zhan and Donnelly, Peter and Marchini, Jonathan},
  journal={PLoS genetics},
  volume={5},
  number={5},
  pages={e1000477},
  year={2009},
  publisher={Public Library of Science}
}

@article{storey2007optimal,
  title={The optimal discovery procedure: a new approach to simultaneous significance testing},
  author={Storey, John D},
  journal={Journal of the Royal Statistical Society: Series B (Statistical Methodology)},
  volume={69},
  number={3},
  pages={347--368},
  year={2007},
  publisher={Wiley Online Library}
}

@article{sun2007oracle,
  title={Oracle and adaptive compound decision rules for false discovery rate control},
  author={Sun, Wenguang and Cai, T Tony},
  journal={Journal of the American Statistical Association},
  volume={102},
  number={479},
  pages={901--912},
  year={2007},
  publisher={Taylor \& Francis}
}

@article{vsidak1967rectangular,
  title={Rectangular confidence regions for the means of multivariate normal distributions},
  author={{\v{S}}id{\'a}k, Zbyn{\v{e}}k},
  journal={Journal of the American Statistical Association},
  volume={62},
  number={318},
  pages={626--633},
  year={1967},
  publisher={Taylor \& Francis Group}
}

@book{witting2013mathematische,
  title={Mathematische statistik I: parametrische verfahren bei festem stichprobenumfang},
  author={Witting, Hermann},
  year={2013},
  publisher={Springer-Verlag}
}

@book{wainwright2019high,
  title = {High-dimensional statistics: A non-asymptotic viewpoint},
  author = {Wainwright, Martin J},
  publisher = {Cambridge University Press},
  address = {Cambridge, {U}{K}},
  year = {2019}
}